<record><leader>00000cas a2200000 a 4500</leader><controlfield tag="001">12564752</controlfield><controlfield tag="008">850917c19059999ksuwr ne      0    0eng d</controlfield><datafield ind1=" " ind2=" " tag="010"><subfield code="a">sn 85029783 </subfield></datafield><datafield ind1=" " ind2=" " tag="040"><subfield code="a">KSH</subfield><subfield code="b">eng</subfield><subfield code="c">KSH</subfield><subfield code="d">NPT</subfield><subfield code="d">OCL</subfield><subfield code="d">OCLCQ</subfield></datafield><datafield ind1=" " ind2=" " tag="042"><subfield code="a">msc</subfield></datafield><datafield ind1="0" ind2=" " tag="130"><subfield code="a">Russell record (Russell, Kan. : 1905)</subfield></datafield><datafield ind1="1" ind2="4" tag="245"><subfield code="a">The Russell record.</subfield></datafield><datafield ind1=" " ind2=" " tag="260"><subfield code="a">Russell, Kan. :</subfield><subfield code="b">Russell Record Pub. Co.,</subfield><subfield code="c">1905-</subfield></datafield><datafield ind1=" " ind2=" " tag="300"><subfield code="a">v. :</subfield><subfield code="b">ill. ;</subfield><subfield code="c">59 cm.</subfield></datafield><datafield ind1=" " ind2=" " tag="310"><subfield code="a">Weekly</subfield></datafield><datafield ind1="0" ind2=" " tag="362"><subfield code="a">Vol. 33, no. 14 (Apr. 8, 1905)-</subfield></datafield><datafield ind1=" " ind2=" " tag="500"><subfield code="a">Publisher varies.</subfield></datafield><datafield ind1=" " ind2=" " tag="500"><subfield code="a">"Republican."</subfield></datafield><datafield ind1=" " ind2=" " tag="525"><subfield code="a">Includes supplements.</subfield></datafield><datafield ind1=" " ind2=" " tag="752"><subfield code="a">United States</subfield><subfield code="b">Kansas</subfield><subfield code="c">Russell</subfield><subfield code="d">Russell.</subfield></datafield><datafield ind1="0" ind2="0" tag="780"><subfield code="t">Record (Russell, Kan.)</subfield><subfield code="w">(DLC)sn 85029782</subfield></datafield><datafield ind1="0" ind2="5" tag="780"><subfield code="t">Russell informer</subfield><subfield code="g">Nov. 3, 1921</subfield><subfield code="w">(DLC)sn 85029792</subfield></datafield><datafield ind1="1" ind2=" " tag="029"><subfield code="a">AU@</subfield><subfield code="b">000022172392</subfield></datafield></record>